<record xmlns="http://www.loc.gov/MARC21/slim" xmlns:xsi="http://www.w3.org/2001/XMLSchema-instance" xsi:schemaLocation="http://www.loc.gov/MARC21/slim http://www.loc.gov/standards/marcxml/schema/MARC21slim.xsd"><leader>02959nam a2200517   4500</leader><controlfield tag="001">3072013</controlfield><controlfield tag="003">NNC</controlfield><controlfield tag="006">m        d        </controlfield><controlfield tag="007">cr cn |||m|||a</controlfield><controlfield tag="008">150223s1948    iq      ob    000 0barar </controlfield><datafield ind1=" " ind2=" " tag="040"><subfield code="a">NNU</subfield><subfield code="b">eng</subfield><subfield code="e">rda</subfield><subfield code="c">NNU</subfield></datafield><datafield ind1=" " ind2=" " tag="043"><subfield code="a">aw-----</subfield><subfield code="a">ff-----</subfield></datafield><datafield ind1=" " ind2="4" tag="050"><subfield code="a">DS238.A1</subfield><subfield code="b">S2</subfield></datafield><datafield ind1=" " ind2="4" tag="050"><subfield code="a">PJ7750</subfield><subfield code="b">.S11 T81</subfield></datafield><datafield ind1="1" ind2=" " tag="100"><subfield code="6">880-01</subfield><subfield code="a">S&#803;a&#772;bi&#772;, Hila&#772;l ibn al-Muh&#803;assin,</subfield><subfield code="d">970-1056.</subfield></datafield><datafield ind1="1" ind2="0" tag="240"><subfield code="6">880-02</subfield><subfield code="a">Tuh&#803;fat al-umara&#772; &#787;fi&#772; ta&#772;ri&#772;kh al-wuzara&#772;&#700;</subfield></datafield><datafield ind1="1" ind2="0" tag="245"><subfield code="6">880-03</subfield><subfield code="a">Aqsa&#772;m d&#803;a&#772;i&#787;&#699;ah min kita&#772;b Tuh&#803;fat al-umara&#772; &#787;fi&#772; ta&#772;ri&#772;kh al-wuzara&#772;.&#787;</subfield><subfield code="c">Jama&#699;aha wa-&#699;allaq &#699;alayha Mi&#772;kha&#772;i&#772;&#787;l &#699;Awa&#772;d.</subfield></datafield><datafield ind1="3" ind2=" " tag="246"><subfield code="6">880-04</subfield><subfield code="a">kita&#772;b Tuh&#803;fat al-uma&#772;ra&#772; &#787;fi&#772; ta&#772;ri&#772;kh al-wuzara&#772;&#700;</subfield></datafield><datafield ind1=" " ind2=" " tag="260"><subfield code="6">880-05</subfield><subfield code="a">Baghda&#772;d :</subfield><subfield code="b">Mat&#803;ba&#699;at al-Ma&#699;a&#772;rif,</subfield><subfield code="c">1948.</subfield></datafield><datafield ind1=" " ind2=" " tag="300"><subfield code="a">online resource (115 pages)</subfield></datafield><datafield ind1=" " ind2=" " tag="336"><subfield code="a">text</subfield><subfield code="2">rdacontent</subfield></datafield><datafield ind1=" " ind2=" " tag="337"><subfield code="a">computer</subfield><subfield code="2">rdamedia</subfield></datafield><datafield ind1=" " ind2=" " tag="338"><subfield code="a">online resource</subfield><subfield code="2">rdacarrier</subfield></datafield><datafield ind1=" " ind2=" " tag="500"><subfield code="a">Added t.p.: Some lost fragments of Kitab al-wuzara &#787;of Hila&#772;l al-Sa&#772;bi&#699;.</subfield></datafield><datafield ind1=" " ind2=" " tag="500"><subfield code="a">Part of the Arabic Collections Online (ACO) project, contributed by Columbia University Libraries.</subfield></datafield><datafield ind1=" " ind2=" " tag="504"><subfield code="a">Includes bibliographical references.</subfield></datafield><datafield ind1=" " ind2=" " tag="533"><subfield code="a">Electronic reproduction.</subfield><subfield code="b">New York, N.Y. :</subfield><subfield code="c">New York University,</subfield><subfield code="d">2015.</subfield><subfield code="5">NNU</subfield></datafield><datafield ind1=" " ind2="0" tag="651"><subfield code="a">Islamic Empire</subfield><subfield code="v">Biography.</subfield></datafield><datafield ind1=" " ind2="7" tag="651"><subfield code="a">Islamic Empire.</subfield><subfield code="2">fast</subfield><subfield code="0">(OCoLC)fst01244134</subfield></datafield><datafield ind1=" " ind2="7" tag="655"><subfield code="a">Biography.</subfield><subfield code="2">fast</subfield><subfield code="0">(OCoLC)fst01423686</subfield></datafield><datafield ind1="1" ind2=" " tag="700"><subfield code="6">880-06</subfield><subfield code="a">&#699;Awwa&#772;d, Mi&#772;kha&#772;&#700;i&#772;l.</subfield></datafield><datafield ind1="2" ind2=" " tag="710"><subfield code="a">Columbia University.</subfield><subfield code="b">Libraries.</subfield></datafield><datafield ind1="0" ind2=" " tag="730"><subfield code="a">Arabic Collections Online.</subfield></datafield><datafield ind1="0" ind2=" " tag="740"><subfield code="6">880-07</subfield><subfield code="a">Tuh&#803;fat al-umara&#772; &#787;fi&#772; ta&#772;ri&#772;kh al-wuzara&#772;.&#787;</subfield></datafield><datafield ind1="0" ind2="8" tag="776"><subfield code="i">Online version:</subfield><subfield code="a">S&#803;a&#772;bi&#772;, Hila&#772;l ibn Muh&#803;assin, 970-1056.</subfield><subfield code="t">Aqsa&#772;m d&#803;a&#772;i&#787;&#699;ah min kita&#772;b Tuh&#803;fat al-umara&#772; &#787;fi&#772; ta&#772;ri&#772;kh al-wuzara&#772;.&#787;.</subfield><subfield code="d">Baghda&#772;d, Mat&#803;ba&#699;at al-Ma&#699;a&#772;rif, 1948</subfield><subfield code="w">(OCoLC)586057586</subfield></datafield><datafield ind1="0" ind2="8" tag="776"><subfield code="i">Print version:</subfield><subfield code="a">S&#803;a&#772;bi&#772;, Hila&#772;l ibn al-Muh&#803;assin, 970-1056.</subfield><subfield code="t">Aqsa&#772;m d&#803;a&#772;i&#787;&#699;ah min kita&#772;b Tuh&#803;fat al-umara&#772; &#787;fi&#772; ta&#772;ri&#772;kh al-wuzara&#772;.&#787;</subfield><subfield code="w">(NNC)3072013</subfield><subfield code="w">(DLC)   78232313 </subfield><subfield code="w">(OCoLC)23511756</subfield></datafield><datafield ind1="4" ind2="0" tag="856"><subfield code="u">http://hdl.handle.net/2333.1/d7wm39j9</subfield></datafield><datafield ind1="1" ind2=" " tag="880"><subfield code="6">100-01/r</subfield><subfield code="a">&#1589;&#1575;&#1576;&#1610;&#1548; &#1607;&#1604;&#1575;&#1604; &#1576;&#1606; &#1575;&#1604;&#1605;&#1581;&#1587;&#1606;&#1548;</subfield><subfield code="d">970-1056.</subfield></datafield><datafield ind1="1" ind2="0" tag="880"><subfield code="6">240-02/r</subfield><subfield code="a">&#1578;&#1581;&#1601;&#1577; &#1575;&#1604;&#1571;&#1605;&#1585;&#1575;&#1569; &#1601;&#1610; &#1578;&#1575;&#1585;&#1610;&#1582; &#1575;&#1604;&#1608;&#1586;&#1585;&#1575;&#1569;</subfield></datafield><datafield ind1="1" ind2="0" tag="880"><subfield code="6">245-03/r</subfield><subfield code="a">&#1571;&#1602;&#1587;&#1575;&#1605; &#1590;&#1575;&#1574;&#1593;&#1577; &#1605;&#1606; &#1603;&#1578;&#1575;&#1576; &#1578;&#1581;&#1601;&#1577; &#1575;&#1604;&#1571;&#1605;&#1585;&#1575;&#1569; &#1601;&#1610; &#1578;&#1575;&#1585;&#1610;&#1582; &#1575;&#1604;&#1608;&#1586;&#1585;&#1575;&#1569; /</subfield><subfield code="c">&#1578;&#1571;&#1604;&#1610;&#1601; &#1607;&#1604;&#1575;&#1604; &#1575;&#1604;&#1589;&#1575;&#1576;&#1574; &#1563; &#1580;&#1605;&#1593;&#1607;&#1575; &#1608;&#1593;&#1604;&#1602; &#1593;&#1604;&#1610;&#1607;&#1575; &#1605;&#1610;&#1582;&#1575;&#1574;&#1610;&#1604; &#1593;&#1608;&#1575;&#1583;.</subfield></datafield><datafield ind1="3" ind2=" " tag="880"><subfield code="6">246-04/r</subfield><subfield code="a">&#1603;&#1578;&#1575;&#1576; &#1578;&#1581;&#1601;&#1577; &#1575;&#1604;&#1571;&#1605;&#1585;&#1575;&#1569; &#1601;&#1610; &#1578;&#1575;&#1585;&#1610;&#1582; &#1575;&#1604;&#1608;&#1586;&#1585;&#1575;&#1569;</subfield></datafield><datafield ind1=" " ind2=" " tag="880"><subfield code="6">260-05/r</subfield><subfield code="a">&#1576;&#1594;&#1583;&#1575;&#1583; :</subfield><subfield code="b">&#1605;&#1591;&#1576;&#1593;&#1577; &#1575;&#1604;&#1605;&#1593;&#1575;&#1585;&#1601;&#1548;</subfield><subfield code="c">1948.</subfield></datafield><datafield ind1="1" ind2=" " tag="880"><subfield code="6">700-06/r</subfield><subfield code="a">&#1593;&#1608;&#1575;&#1583;&#1548; &#1605;&#1610;&#1582;&#1575;&#1574;&#1610;&#1604;.</subfield></datafield><datafield ind1="0" ind2=" " tag="880"><subfield code="6">740-07/r</subfield><subfield code="a">&#1578;&#1581;&#1601;&#1577; &#1575;&#1604;&#1571;&#1605;&#1585;&#1575;&#1569; &#1601;&#1610; &#1578;&#1575;&#1585;&#1610;&#1582; &#1575;&#1604;&#1608;&#1586;&#1585;&#1575;&#1569;.</subfield></datafield><datafield ind1=" " ind2=" " tag="959"><subfield code="a">NNU</subfield><subfield code="b">WEB</subfield><subfield code="c">GENI</subfield><subfield code="t">0</subfield><subfield code="m">Electronic access</subfield><subfield code="s">01</subfield></datafield><datafield ind1=" " ind2=" " tag="999"><subfield code="i">NNC_3072013</subfield><subfield code="o">(OCoLC)23511756</subfield><subfield code="s">columbia_aco000063</subfield></datafield></record>